@book{Schweitzer,
    title={Die Ehrfurcht vor dem Leben: Grundtexte aus f{\"u}nf Jahrzehnten},
    author={Schweitzer, A. and B{\"a}hr, H.W.},
    isbn={9783406494482},
    series={Beck'sche Reihe},
    url={https://books.google.co.id/books?id=LyxbV4EFyrgC},
    year={2003},
    publisher={Beck}
}


@article{Capasso2008AHE,
    title={A Homo erectus hyoid bone: possible implications for the origin of the human capability for speech},
    author={Luigi Capasso and Elisabetta Michetti and Ruggero D’Anastasio},
    journal={Collegium antropologicum},
    year={2008},
    volume={32 4},
    pages={
            1007-11
        },
    url={https://api.semanticscholar.org/CorpusID:26815400}
}


@book{Walker,
    title={Reading The Past Cuneiform},
    author={Walker C.},
    url={https://archive.org/details/Walker.C.ReadingThePastCuneiform/page/n12},
    year={1987},
    publisher={British Museum},
    pages={12-13}
}


@article{Vidal,
    author = {Céline M Vidal and others},
    title ={Age of the oldest known Homo sapiens from eastern Africa} ,
    journal = {Nature} ,
    volume={601 7894},
    year = {2022},
    url = {https://doi.org/10.1038/s41586-021-04275-8}
}
 
 